@MISC
{
	haskell2010-bib,
	author = {Simon Marlow},
	title = {{Haskell 2010 Language Report}},
	year = {2010},
	url = {https://www.haskell.org/onlinereport/haskell2010/}
}

@MISC
{
	gnu-docs,
	title = {{Using the GNU Compiler Collection (GCC)}},
	url = {https://gcc.gnu.org/onlinedocs/gcc/}
}

@MISC
{
	haskell-src-exts,
	author = {Niklas Broberg},
	title = {{Haskell-Source with Extension}},
	year = {2009},
	url = {https://hackage.haskell.org/package/haskell-src-exts}
}

@MISC
{
	http-client,
	author = {Michael Snoyman},
	title = {{http-client: An HTTP client engine}},
	year = {2013},
	url = {https://hackage.haskell.org/package/http-client}
}

@MISC
{
	pandoc,
	author = {John MacFarlane},
	title = {{pandoc: Conversion between markup formats}},
	year = {2007},
	url = {https://hackage.haskell.org/package/pandoc}
}

@inproceedings
{
	ghc-bib,
	author = {Hall, Cordelia V. and Hammond, Kevin and Partain, Will and Peyton Jones, Simon L. and Wadler, Philip},
	title = {{The Glasgow Haskell Compiler: A Retrospective}},
	booktitle = {{Proceedings of the 1992 Glasgow Workshop on Functional Programming}},
	year = {1993},
	isbn = {3-540-19820-2},
	pages = {62--71},
	numpages = {10},
	url = {http://dl.acm.org/citation.cfm?id=647557.729914},
	acmid = {729914},
	publisher = {{Springer-Verlag}},
	address = {London, UK},
}

@inproceedings
{
	uhc-bib,
	author = {Dijkstra, Atze and Fokker, Jeroen and Swierstra, S. Doaitse},
	title = {{The Architecture of the Utrecht Haskell Compiler}},
	booktitle = {{Proceedings of the 2nd ACM SIGPLAN Symposium on Haskell}},
	COMMseries = {Haskell '09},
	year = {2009},
	isbn = {978-1-60558-508-6},
	location = {Edinburgh, Scotland},
	pages = {93--104},
	numpages = {12},
	url = {http://doi.acm.org/10.1145/1596638.1596650},
	doi = {10.1145/1596638.1596650},
	acmid = {1596650},
	publisher = {ACM},
	address = {New York, USA},
	keywords = {aspect orientation, attribute grammar, compiler architecture, haskell},
}

@MISC
{
	ghc-users-guide-bib,
	author = {{Glasgow Haskell Compiler team}},
	title = {{Glasgow Haskell Compiler - User's guide}},
	year = {2018},
	url = {https://downloads.haskell.org/~ghc/latest/docs/users_guide.pdf}
}

@MISC
{
	hlint-bib,
	author = {Neil Mitchell},
	title = {{HLint}},
	year = {2006--2018},
	url = {https://github.com/ndmitchell/hlint}
}

@MISC
{
	haskell-tools-bib,
	author = {Boldizsár Németh},
	title = {{Haskell Tools}},
	year = {2016--2018},
	url = {https://github.com/haskell-tools/haskell-tools}
}

@MISC
{
	hackage-bib,
	author = {},
	title = {{Hackage database}},
	year = {2008--2018},
	url = {https://hackage.haskell.org/}
}

@inproceedings
{
	template-haskell-bib,
	author = {Sheard, Tim and Jones, Simon Peyton},
	title = {{Template Meta-programming for Haskell}},
	booktitle = {{Proceedings of the 2002 ACM SIGPLAN Workshop on Haskell}},
	COMMseries = {Haskell '02},
	year = {2002},
	isbn = {1-58113-605-6},
	location = {Pittsburgh, Pennsylvania},
	pages = {1--16},
	numpages = {16},
	url = {http://doi.acm.org/10.1145/581690.581691},
	doi = {10.1145/581690.581691},
	acmid = {581691},
	publisher = {ACM},
	address = {New York, USA},
	keywords = {meta programming, templates},
}

@inproceedings
{
	quasi-quote-bib,
	author = {Mainland, Geoffrey},
	title = {{Why It's Nice to Be Quoted: Quasiquoting for Haskell}},
	booktitle = {{Proceedings of the ACM SIGPLAN Workshop on Haskell Workshop}},
	COMMseries = {Haskell '07},
	year = {2007},
	isbn = {978-1-59593-674-5},
	location = {Freiburg, Germany},
	pages = {73--82},
	numpages = {10},
	url = {http://doi.acm.org/10.1145/1291201.1291211},
	doi = {10.1145/1291201.1291211},
	acmid = {1291211},
	publisher = {ACM},
	address = {New York, USA},
	keywords = {meta programming, quasiquoting},
}

@INPROCEEDINGS
{
	references-bib,
	author={B. Németh and Z. Kelemen and M. Karácsony and M. Tejfel},
	booktitle={{2015 IEEE 13th International Scientific Conference on Informatics}},
	title={{Extending Haskell with effectful property abstraction}},
	year={2015},
	volume={},
	number={},
	pages={183-188},
	doi={10.1109/Informatics.2015.7377830},
	ISSN={},
	month={Nov},
	url={https://ieeexplore.ieee.org/abstract/document/7377830/}
}

@MISC
{
	lens-bib,
	author = {Edward Kmett},
	title = {{Lens}},
	year = {2012--2018},
	url = {https://github.com/ekmett/lens}
}

@article
	{ outside-in
	,	title={{OutsideIn(X) Modular type inference with local assumptions}}
	, volume={21}
	, DOI={10.1017/S0956796811000098}
	, number={4-5}
	, journal={{Journal of Functional Programming}}
	, publisher={Cambridge University Press}
	, author={Vytiniotis, Dimitrios and Peyton Jones, Simon and Schrijvers, Tom and Sulzmann, Martin}
	, year={2011}
	, pages={333–412}
	}
	
@article
{
	type-families,
	author = {Schrijvers, Tom and Peyton Jones, Simon and Chakravarty, Manuel and Sulzmann, Martin},
	title = {{Type Checking with Open Type Functions}},
	journal = {{SIGPLAN Not.}},
	issue_date = {September 2008},
	volume = {43},
	number = {9},
	month = sep,
	year = {2008},
	issn = {0362-1340},
	pages = {51--62},
	numpages = {12},
	url = {http://doi.acm.org/10.1145/1411203.1411215},
	doi = {10.1145/1411203.1411215},
	acmid = {1411215},
	publisher = {ACM},
	address = {New York, USA},
	keywords = {Haskell, type checking, type families, type functions},
} 
	
@inproceedings
{
	type-classes,
	author = {Peyton Jones, Simon and Jones, Mark and Meijer, Erik},
	title = {{Type classes: an exploration of the design space}},
	booktitle = {Haskell workshop},
	year = {1997},
	month = {January},
	url = {https://www.microsoft.com/en-us/research/publication/type-classes-an-exploration-of-the-design-space/},
	address = {Amsterdam},

}

@techreport
{
	parsec,
	author = {Leijen, Daan and Meijer, Erik},
	title = {{Parsec: Direct Style Monadic Parser Combinators for the Real World}},
	booktitle = {{Technical Report UU-CS-2001-35, Departement of Computer Science, Universiteit Utrecht}},
	year = {2001},
	month = {July},
	url = {https://www.microsoft.com/en-us/research/publication/parsec-direct-style-monadic-parser-combinators-for-the-real-world/},
}